% How to cite webpage: https://tex.stackexchange.com/questions/3587/how-can-i-use-bibtex-to-cite-a-web-page
@misc{1,
  title = {How Covid exacerbated NYC taxi drivers' long-standing debt from inflated fees},
  author = {{Claire Wang}}, 
  howpublished = {\url{https://www.nbcnews.com/news/asian-america/covid-exacerbated-nyc-taxi-drivers-long-standing-debt-inflated-fees-rcna410}},
  note = {Accessed: March 17, 2021}
}

@misc{2,
  title = {TLC Trip Record Data},
  author = {{NYCTLC}}, 
  howpublished = {\url{https://www1.nyc.gov/site/tlc/about/tlc-trip-record-data.page}}
}

@misc{3,
  title = {Health Department Releases Data on COVID-19 Vaccine Effectiveness},
  author = {{NYC HEALTH}}, 
  howpublished = {\url{https://www1.nyc.gov/site/doh/about/press/pr2021/health-department-releases-data-covid-19-vaccine-effectiveness.page}},
  note = {Accessed: August 25, 2021}
}

@misc{4,
  title = {New York City, NY Weather History},
  author = {{WEATHER UNDERGROUND}}, 
  howpublished = {\url{https://www.wunderground.com/history/monthly/us/ny/new-york-city/}}
}

@misc{5,
  title = {Random Forest Regression: When Does It Fail and Why?},
  author = {{Neptune.ai}}, 
  howpublished = {\url{https://neptune.ai/blog/random-forest-regression-when-does-it-fail-and-why}}
}



% You should lookup the entries defined in bibtex to properly format your .bib file